% Encoding: UTF-8

@InCollection{Rajagopal2000,
  author        = {Rajagopal, Krishna and Wilczek, Frank},
  title         = {{The Condensed matter physics of QCD}},
  booktitle     = {At the frontier of particle physics. Handbook of QCD. Vol. 1-3},
  year          = {2000},
  editor        = {Shifman, M. and Ioffe, Boris},
  pages         = {2061-2151},
  archiveprefix = {arXiv},
  doi           = {10.1142/9789812810458_0043},
  eprint        = {hep-ph/0011333},
  journal       = {In *Shifman, M. (ed.): At the frontier of particle physics, vol. 3* 2061-2151},
  primaryclass  = {hep-ph},
  reportnumber  = {MIT-CTP-3049},
  slaccitation  = {%%CITATION = HEP-PH/0011333;%%},
}

@Article{Alford:2001dt,
  author        = {Alford, Mark G.},
  title         = {{Color superconducting quark matter}},
  journal       = {Ann. Rev. Nucl. Part. Sci.},
  year          = {2001},
  volume        = {51},
  pages         = {131-160},
  archiveprefix = {arXiv},
  doi           = {10.1146/annurev.nucl.51.101701.132449},
  eprint        = {hep-ph/0102047},
  primaryclass  = {hep-ph},
  reportnumber  = {GUTPA-01-02-01},
  slaccitation  = {%%CITATION = HEP-PH/0102047;%%},
}

@Article{Schaefer2003,
  author  = {Schaefer,Thomas},
  title   = {Quark Matter},
  journal = {arXiv:hep-ph/0304281},
  year    = {2003},
}

@Article{Rischke:2003mt,
  author        = {Rischke, Dirk H.},
  title         = {{The Quark gluon plasma in equilibrium}},
  journal       = {Prog. Part. Nucl. Phys.},
  year          = {2004},
  volume        = {52},
  pages         = {197-296},
  archiveprefix = {arXiv},
  doi           = {10.1016/j.ppnp.2003.09.002},
  eprint        = {nucl-th/0305030},
  primaryclass  = {nucl-th},
  slaccitation  = {%%CITATION = NUCL-TH/0305030;%%},
}

@Article{Hong:2000ck,
  author        = {Hong, Deog Ki},
  title         = {{Aspects of color superconductivity}},
  journal       = {Acta Phys. Polon.},
  year          = {2001},
  volume        = {B32},
  pages         = {1253-1276},
  archiveprefix = {arXiv},
  booktitle     = {{COSMO-2000. Particle physics and the early universe. Proceedings, 4th International Workshop, COSMO 2000, Cheju, Korea, September 4-8, 2000}},
  eprint        = {hep-ph/0101025},
  primaryclass  = {hep-ph},
  reportnumber  = {PNUTP-01-A01},
  slaccitation  = {%%CITATION = HEP-PH/0101025;%%},
}

@Article{Muroya:2003qs,
  author        = {Muroya, Shin and Nakamura, Atsushi and Nonaka, Chiho and Takaishi, Tetsuya},
  title         = {{Lattice QCD at finite density: An Introductory review}},
  journal       = {Prog. Theor. Phys.},
  year          = {2003},
  volume        = {110},
  pages         = {615-668},
  archiveprefix = {arXiv},
  doi           = {10.1143/PTP.110.615},
  eprint        = {hep-lat/0306031},
  primaryclass  = {hep-lat},
  slaccitation  = {%%CITATION = HEP-LAT/0306031;%%},
}

@Article{Alford:1998mk,
  author        = {Alford, Mark G. and Rajagopal, Krishna and Wilczek, Frank},
  title         = {{Color flavor locking and chiral symmetry breaking in high density QCD}},
  journal       = {Nucl. Phys.},
  year          = {1999},
  volume        = {B537},
  pages         = {443-458},
  archiveprefix = {arXiv},
  doi           = {10.1016/S0550-3213(98)00668-3},
  eprint        = {hep-ph/9804403},
  primaryclass  = {hep-ph},
  reportnumber  = {IASSNS-HEP-98-29, MIT-CTP-2731},
  slaccitation  = {%%CITATION = HEP-PH/9804403;%%},
}

@Article{Brown:1990ev,
  author       = {Brown, Frank R. and Butler, Frank P. and Chen, Hong and Christ, Norman H. and Dong, Zhi-hua and Schaffer, Wendy and Unger, Leo I. and Vaccarino, Alessandro},
  title        = {{On the existence of a phase transition for QCD with three light quarks}},
  journal      = {Phys. Rev. Lett.},
  year         = {1990},
  volume       = {65},
  pages        = {2491-2494},
  doi          = {10.1103/PhysRevLett.65.2491},
  reportnumber = {CU-TP-470},
  slaccitation = {%%CITATION = PRLTA,65,2491;%%},
}

@Article{Asakawa:1989bq,
  author       = {Asakawa, M. and Yazaki, K.},
  title        = {{Chiral Restoration at Finite Density and Temperature}},
  journal      = {Nucl. Phys.},
  year         = {1989},
  volume       = {A504},
  pages        = {668-684},
  doi          = {10.1016/0375-9474(89)90002-X},
  slaccitation = {%%CITATION = NUPHA,A504,668;%%},
}

@Article{Barducci:1989wi,
  author       = {Barducci, A. and Casalbuoni, R. and De Curtis, S. and Gatto, Raoul and Pettini, Giulio},
  title        = {{Chiral Symmetry Breaking in {QCD} at Finite Temperature and Density}},
  journal      = {Phys. Lett.},
  year         = {1989},
  volume       = {B231},
  pages        = {463-470},
  doi          = {10.1016/0370-2693(89)90695-3},
  reportnumber = {UGVA-DPT-1989/08-624},
  slaccitation = {%%CITATION = PHLTA,B231,463;%%},
}

@Article{Barducci:1993bh,
  author       = {Barducci, A. and Casalbuoni, R. and Pettini, Giulio and Gatto, Raoul},
  title        = {{Chiral phases of QCD at finite density and temperature}},
  journal      = {Phys. Rev.},
  year         = {1994},
  volume       = {D49},
  pages        = {426-436},
  doi          = {10.1103/PhysRevD.49.426},
  reportnumber = {UGVA-DPT-1993-06-820},
  slaccitation = {%%CITATION = PHRVA,D49,426;%%},
}

@Article{Berges:1998rc,
  author        = {Berges, Juergen and Rajagopal, Krishna},
  title         = {{Color superconductivity and chiral symmetry restoration at nonzero baryon density and temperature}},
  journal       = {Nucl. Phys.},
  year          = {1999},
  volume        = {B538},
  pages         = {215-232},
  archiveprefix = {arXiv},
  doi           = {10.1016/S0550-3213(98)00620-8},
  eprint        = {hep-ph/9804233},
  primaryclass  = {hep-ph},
  reportnumber  = {MIT-CTP-2725},
  slaccitation  = {%%CITATION = HEP-PH/9804233;%%},
}

@Article{Halasz:1998qr,
  author        = {Halasz, Adam Miklos and Jackson, A. D. and Shrock, R. E. and Stephanov, Misha A. and Verbaarschot, J. J. M.},
  title         = {{On the phase diagram of QCD}},
  journal       = {Phys. Rev.},
  year          = {1998},
  volume        = {D58},
  pages         = {096007},
  archiveprefix = {arXiv},
  doi           = {10.1103/PhysRevD.58.096007},
  eprint        = {hep-ph/9804290},
  primaryclass  = {hep-ph},
  slaccitation  = {%%CITATION = HEP-PH/9804290;%%},
}

@Article{Scavenius:2000qd,
  author        = {Scavenius, O. and Mocsy, A. and Mishustin, I. N. and Rischke, D. H.},
  title         = {{Chiral phase transition within effective models with constituent quarks}},
  journal       = {Phys. Rev.},
  year          = {2001},
  volume        = {C64},
  pages         = {045202},
  archiveprefix = {arXiv},
  doi           = {10.1103/PhysRevC.64.045202},
  eprint        = {nucl-th/0007030},
  primaryclass  = {nucl-th},
  slaccitation  = {%%CITATION = NUCL-TH/0007030;%%},
}

@Article{Antoniou:2002xq,
  author        = {Antoniou, N. G. and Kapoyannis, A. S.},
  title         = {{Bootstraping the QCD critical point}},
  journal       = {Phys. Lett.},
  year          = {2003},
  volume        = {B563},
  pages         = {165-172},
  archiveprefix = {arXiv},
  doi           = {10.1016/S0370-2693(03)00654-3},
  eprint        = {hep-ph/0211392},
  primaryclass  = {hep-ph},
  reportnumber  = {UA-NPPS-7-02},
  slaccitation  = {%%CITATION = HEP-PH/0211392;%%},
}

@Article{Hatta:2002sj,
  author        = {Hatta, Yoshitaka and Ikeda, Takashi},
  title         = {{Universality, the QCD critical / tricritical point and the quark number susceptibility}},
  journal       = {Phys. Rev.},
  year          = {2003},
  volume        = {D67},
  pages         = {014028},
  archiveprefix = {arXiv},
  doi           = {10.1103/PhysRevD.67.014028},
  eprint        = {hep-ph/0210284},
  primaryclass  = {hep-ph},
  slaccitation  = {%%CITATION = HEP-PH/0210284;%%},
}

@Article{Gottlieb:1987eg,
  author       = {Gottlieb, Steven A. and Liu, W. and Toussaint, D. and Renken, R. L. and Sugar, R. L.},
  title        = {{Chiral Symmetry Breaking in Lattice QCD with Two and Four Fermion Flavors}},
  journal      = {Phys. Rev.},
  year         = {1987},
  volume       = {D35},
  pages        = {3972-3980},
  doi          = {10.1103/PhysRevD.35.3972},
  slaccitation = {%%CITATION = PHRVA,D35,3972;%%},
}

@Article{Bernard:1991np,
  author       = {Bernard, Claude W. and Ogilvie, Michael C. and DeGrand, Thomas A. and Detar, Carleton E. and Gottlieb, Steven A. and Krasnitz, Alex and Sugar, R. L. and Toussaint, D.},
  title        = {{QCD thermodynamics with two flavors at N(t) = 6}},
  journal      = {Phys. Rev.},
  year         = {1992},
  volume       = {D45},
  pages        = {3854-3861},
  doi          = {10.1103/PhysRevD.45.3854},
  reportnumber = {UCSBTH-91-52, IUHET-210, AZPH-TH-91-45, UUHEP-91-16, NSF-ITP-92-49I},
  slaccitation = {%%CITATION = PHRVA,D45,3854;%%},
}

@Article{Fukugita:1990vu,
  author       = {Fukugita, M. and Mino, H. and Okawa, M. and Ukawa, A.},
  title        = {{Finite Size Test for the Finite Temperature Chiral Phase Transition in Lattice {QCD}}},
  journal      = {Phys. Rev. Lett.},
  year         = {1990},
  volume       = {65},
  pages        = {816-819},
  doi          = {10.1103/PhysRevLett.65.816},
  reportnumber = {UTHEP-204},
  slaccitation = {%%CITATION = PRLTA,65,816;%%},
}

@Article{Mawhinney:1992pc,
  author       = {Mawhinney, Robert D.},
  title        = {{QCD Thermodynamics at N(t) = 8}},
  journal      = {Nucl. Phys. Proc. Suppl.},
  year         = {1993},
  volume       = {30},
  pages        = {331-334},
  booktitle    = {{The International Symposium on Lattice Field Theory: Lattice 92 Amsterdam, Netherlands, September 15-19, 1992}},
  doi          = {10.1016/0920-5632(93)90220-Z},
  reportnumber = {CU-TP-578},
  slaccitation = {%%CITATION = NUPHZ,30,331;%%},
}

@Article{Zhu:1988zg,
  author       = {Zhu, D.},
  title        = {{QCD phase transition for N(t) = 8 on 16**3 and 32**3 volumes}},
  journal      = {Nucl. Phys. Proc. Suppl.},
  year         = {1994},
  volume       = {34},
  pages        = {286-288},
  booktitle    = {{LATTICE 93: 11th International Symposium on Lattice Field Theory Dallas, Texas, October 12-16, 1993}},
  doi          = {10.1016/0920-5632(94)90368-9},
  slaccitation = {%%CITATION = NUPHZ,34,286;%%},
}

@Article{Iwasaki:1995ij,
  author        = {Iwasaki, Y. and Kanaya, K. and Sakai, S. and Yoshie, T.},
  title         = {{Chiral phase transition in lattice QCD with Wilson quarks}},
  journal       = {Z. Phys.},
  year          = {1996},
  volume        = {C71},
  pages         = {337-342},
  archiveprefix = {arXiv},
  doi           = {10.1007/s002880050179, 10.1007/BF02906992},
  eprint        = {hep-lat/9504019},
  primaryclass  = {hep-lat},
  reportnumber  = {UTHEP-300},
  slaccitation  = {%%CITATION = HEP-LAT/9504019;%%},
}

@Article{Bernard:1994sg,
  author        = {Bernard, Claude W. and others},
  title         = {{QCD thermodynamics at N(t) = 8 and 12}},
  journal       = {Nucl. Phys. Proc. Suppl.},
  year          = {1995},
  volume        = {42},
  pages         = {448-450},
  archiveprefix = {arXiv},
  booktitle     = {{LATTICE 94: 12th International Symposium on Lattice Field Theory Bielefeld, Germany, September 27-October 1, 1994}},
  doi           = {10.1016/0920-5632(95)00276-F},
  eprint        = {hep-lat/9412112},
  primaryclass  = {hep-lat},
  reportnumber  = {FSU-SCRI-95C-61},
  slaccitation  = {%%CITATION = HEP-LAT/9412112;%%},
}

@Book{Amit2015Field,
  title     = {Field theory, the renormalization group, and critical phenomena},
  publisher = {World Scientific Publishing Co Inc},
  year      = {2015},
  author    = {Amit, Daniel J},
  pages     = {i},
}

@Article{Hohenberg:1977ym,
  author       = {Hohenberg, P. C. and Halperin, B. I.},
  title        = {{Theory of Dynamic Critical Phenomena}},
  journal      = {Rev. Mod. Phys.},
  year         = {1977},
  volume       = {49},
  pages        = {435-479},
  doi          = {10.1103/RevModPhys.49.435},
  slaccitation = {%%CITATION = RMPHA,49,435;%%},
}

@Article{Pisarski:1983ms,
  author       = {Pisarski, Robert D. and Wilczek, Frank},
  title        = {{Remarks on the Chiral Phase Transition in Chromodynamics}},
  journal      = {Phys. Rev.},
  year         = {1984},
  volume       = {D29},
  pages        = {338-341},
  doi          = {10.1103/PhysRevD.29.338},
  reportnumber = {NSF-ITP-83-152},
  slaccitation = {%%CITATION = PHRVA,D29,338;%%},
}

@Article{Rajagopal:1992qz,
  author        = {Rajagopal, Krishna and Wilczek, Frank},
  title         = {{Static and dynamic critical phenomena at a second order QCD phase transition}},
  journal       = {Nucl. Phys.},
  year          = {1993},
  volume        = {B399},
  pages         = {395-425},
  archiveprefix = {arXiv},
  doi           = {10.1016/0550-3213(93)90502-G},
  eprint        = {hep-ph/9210253},
  primaryclass  = {hep-ph},
  reportnumber  = {PUPT-1347, IASSNS-HEP-92-60},
  slaccitation  = {%%CITATION = HEP-PH/9210253;%%},
}

@Article{Rajagopal:1995bc,
  author        = {Rajagopal, Krishna},
  title         = {{The Chiral phase transition in QCD: Critical phenomena and long wavelength pion oscillations}},
  year          = {1995},
  archiveprefix = {arXiv},
  doi           = {10.1142/9789812830661_0009},
  eprint        = {hep-ph/9504310},
  primaryclass  = {hep-ph},
  reportnumber  = {HUTP-95-A013},
  slaccitation  = {%%CITATION = HEP-PH/9504310;%%},
}

@Article{Fujii:2003bz,
  author        = {Fujii, H.},
  title         = {{Scalar density fluctuation at critical end point in NJL model}},
  journal       = {Phys. Rev.},
  year          = {2003},
  volume        = {D67},
  pages         = {094018},
  archiveprefix = {arXiv},
  doi           = {10.1103/PhysRevD.67.094018},
  eprint        = {hep-ph/0302167},
  primaryclass  = {hep-ph},
  reportnumber  = {UT-KOMABA-03-2},
  slaccitation  = {%%CITATION = HEP-PH/0302167;%%},
}

@Article{Son:2004iv,
  author        = {Son, D. T. and Stephanov, M. A.},
  title         = {{Dynamic universality class of the QCD critical point}},
  journal       = {Phys. Rev.},
  year          = {2004},
  volume        = {D70},
  pages         = {056001},
  archiveprefix = {arXiv},
  doi           = {10.1103/PhysRevD.70.056001},
  eprint        = {hep-ph/0401052},
  primaryclass  = {hep-ph},
  slaccitation  = {%%CITATION = HEP-PH/0401052;%%},
}

@Article{Borsanyi:2013bia,
  author        = {Borsanyi, Szabocls and Fodor, Zoltan and Hoelbling, Christian and Katz, Sandor D. and Krieg, Stefan and Szabo, Kalman K.},
  title         = {{Full result for the QCD equation of state with 2+1 flavors}},
  journal       = {Phys. Lett.},
  year          = {2014},
  volume        = {B730},
  pages         = {99-104},
  archiveprefix = {arXiv},
  doi           = {10.1016/j.physletb.2014.01.007},
  eprint        = {1309.5258},
  primaryclass  = {hep-lat},
  slaccitation  = {%%CITATION = ARXIV:1309.5258;%%},
}

@Article{Bazavov:2014pvz,
  author        = {Bazavov, A. and others},
  title         = {{Equation of state in ( 2+1 )-flavor QCD}},
  journal       = {Phys. Rev.},
  year          = {2014},
  volume        = {D90},
  pages         = {094503},
  archiveprefix = {arXiv},
  collaboration = {HotQCD},
  doi           = {10.1103/PhysRevD.90.094503},
  eprint        = {1407.6387},
  primaryclass  = {hep-lat},
  reportnumber  = {BNL-105928-2014-JA},
  slaccitation  = {%%CITATION = ARXIV:1407.6387;%%},
}

@Article{Stoecker:2004qu,
  author        = {Stoecker, Horst},
  title         = {{Collective flow signals the quark gluon plasma}},
  journal       = {Nucl. Phys.},
  year          = {2005},
  volume        = {A750},
  pages         = {121-147},
  archiveprefix = {arXiv},
  booktitle     = {{Quark gluon plasma. New discoveries at RHIC: A case of strongly interacting quark gluon plasma. Proceedings, RBRC Workshop, Brookhaven, Upton, USA, May 14-15, 2004}},
  doi           = {10.1016/j.nuclphysa.2004.12.074},
  eprint        = {nucl-th/0406018},
  primaryclass  = {nucl-th},
  slaccitation  = {%%CITATION = NUCL-TH/0406018;%%},
}

@Article{Steinheimer:2014pfa,
  author        = {Steinheimer, J. and Auvinen, J. and Petersen, H. and Bleicher, M. and Stöcker, H.},
  title         = {{Examination of directed flow as a signal for a phase transition in relativistic nuclear collisions}},
  journal       = {Phys. Rev.},
  year          = {2014},
  volume        = {C89},
  number        = {5},
  pages         = {054913},
  archiveprefix = {arXiv},
  doi           = {10.1103/PhysRevC.89.054913},
  eprint        = {1402.7236},
  primaryclass  = {nucl-th},
  slaccitation  = {%%CITATION = ARXIV:1402.7236;%%},
}

@Article{Stephanov:2008qz,
  author        = {Stephanov, M. A.},
  title         = {{Non-Gaussian fluctuations near the QCD critical point}},
  journal       = {Phys. Rev. Lett.},
  year          = {2009},
  volume        = {102},
  pages         = {032301},
  archiveprefix = {arXiv},
  doi           = {10.1103/PhysRevLett.102.032301},
  eprint        = {0809.3450},
  primaryclass  = {hep-ph},
  slaccitation  = {%%CITATION = ARXIV:0809.3450;%%},
}

@Article{Hohenberg:1977ym,
  author       = {Hohenberg, P. C. and Halperin, B. I.},
  title        = {{Theory of Dynamic Critical Phenomena}},
  journal      = {Rev. Mod. Phys.},
  year         = {1977},
  volume       = {49},
  pages        = {435-479},
  doi          = {10.1103/RevModPhys.49.435},
  slaccitation = {%%CITATION = RMPHA,49,435;%%},
}

@Article{Berdnikov:1999ph,
  author        = {Berdnikov, Boris and Rajagopal, Krishna},
  title         = {{Slowing out-of-equilibrium near the QCD critical point}},
  journal       = {Phys. Rev.},
  year          = {2000},
  volume        = {D61},
  pages         = {105017},
  archiveprefix = {arXiv},
  doi           = {10.1103/PhysRevD.61.105017},
  eprint        = {hep-ph/9912274},
  primaryclass  = {hep-ph},
  reportnumber  = {MIT-CTP-2931},
  slaccitation  = {%%CITATION = HEP-PH/9912274;%%},
}

@Article{Skokov:2012ds,
  author        = {Skokov, V. and Friman, B. and Redlich, K.},
  title         = {{Volume Fluctuations and Higher Order Cumulants of the Net Baryon Number}},
  journal       = {Phys. Rev.},
  year          = {2013},
  volume        = {C88},
  pages         = {034911},
  archiveprefix = {arXiv},
  doi           = {10.1103/PhysRevC.88.034911},
  eprint        = {1205.4756},
  primaryclass  = {hep-ph},
  reportnumber  = {BNL-98044-2012-JA},
  slaccitation  = {%%CITATION = ARXIV:1205.4756;%%},
}

@Article{Csernai:1995zn,
  author       = {Csernai, L. P. and Mishustin, I. N.},
  title        = {{Fast hadronization of supercooled quark - gluon plasma}},
  journal      = {Phys. Rev. Lett.},
  year         = {1995},
  volume       = {74},
  pages        = {5005-5008},
  doi          = {10.1103/PhysRevLett.74.5005},
  slaccitation = {%%CITATION = PRLTA,74,5005;%%},
}

@Article{Mishustin:1998eq,
  author        = {Mishustin, I. N.},
  title         = {{Nonequilibrium phase transition in rapidly expanding QCD matter}},
  journal       = {Phys. Rev. Lett.},
  year          = {1999},
  volume        = {82},
  pages         = {4779-4782},
  archiveprefix = {arXiv},
  doi           = {10.1103/PhysRevLett.82.4779},
  eprint        = {hep-ph/9811307},
  primaryclass  = {hep-ph},
  reportnumber  = {NBI-98-37},
  slaccitation  = {%%CITATION = HEP-PH/9811307;%%},
}

@Article{Scavenius:2000bb,
  author        = {Scavenius, O. and Dumitru, A. and Fraga, E. S. and Lenaghan, J. T. and Jackson, A. D.},
  title         = {{First order chiral phase transition in high-energy collisions: Can nucleation prevent spinodal decomposition?}},
  journal       = {Phys. Rev.},
  year          = {2001},
  volume        = {D63},
  pages         = {116003},
  archiveprefix = {arXiv},
  doi           = {10.1103/PhysRevD.63.116003},
  eprint        = {hep-ph/0009171},
  primaryclass  = {hep-ph},
  slaccitation  = {%%CITATION = HEP-PH/0009171;%%},
}

@Article{Keranen:2002sw,
  author        = {Keranen, A. and Manninen, J. and Csernai, L. P. and Magas, V.},
  title         = {{Statistical hadronization of supercooled quark gluon plasma}},
  journal       = {Phys. Rev.},
  year          = {2003},
  volume        = {C67},
  pages         = {034905},
  archiveprefix = {arXiv},
  doi           = {10.1103/PhysRevC.67.034905},
  eprint        = {nucl-th/0205019},
  primaryclass  = {nucl-th},
  slaccitation  = {%%CITATION = NUCL-TH/0205019;%%},
}

@Article{Randrup:2009gp,
  author        = {Randrup, Jorgen},
  title         = {{Phase transition dynamics for baryon-dense matter}},
  journal       = {Phys. Rev.},
  year          = {2009},
  volume        = {C79},
  pages         = {054911},
  archiveprefix = {arXiv},
  doi           = {10.1103/PhysRevC.79.054911},
  eprint        = {0903.4736},
  primaryclass  = {nucl-th},
  slaccitation  = {%%CITATION = ARXIV:0903.4736;%%},
}

@Article{Randrup:2010ax,
  author        = {Randrup, Jorgen},
  title         = {{Spinodal phase separation in relativistic nuclear collisions}},
  journal       = {Phys. Rev.},
  year          = {2010},
  volume        = {C82},
  pages         = {034902},
  archiveprefix = {arXiv},
  doi           = {10.1103/PhysRevC.82.034902},
  eprint        = {1007.1448},
  primaryclass  = {nucl-th},
  slaccitation  = {%%CITATION = ARXIV:1007.1448;%%},
}

@Article{Steinheimer:2012gc,
  author        = {Steinheimer, Jan and Randrup, Jorgen},
  title         = {{Spinodal amplification of density fluctuations in fluid-dynamical simulations of relativistic nuclear collisions}},
  journal       = {Phys. Rev. Lett.},
  year          = {2012},
  volume        = {109},
  pages         = {212301},
  archiveprefix = {arXiv},
  doi           = {10.1103/PhysRevLett.109.212301},
  eprint        = {1209.2462},
  primaryclass  = {nucl-th},
  slaccitation  = {%%CITATION = ARXIV:1209.2462;%%},
}

@Article{Herold:2013qda,
  author        = {Herold, Christoph and Nahrgang, Marlene and Mishustin, Igor and Bleicher, Marcus},
  title         = {{Formation of droplets with high baryon density at the QCD phase transition in expanding matter}},
  journal       = {Nucl. Phys.},
  year          = {2014},
  volume        = {A925},
  pages         = {14-24},
  archiveprefix = {arXiv},
  doi           = {10.1016/j.nuclphysa.2014.01.010},
  eprint        = {1304.5372},
  primaryclass  = {nucl-th},
  slaccitation  = {%%CITATION = ARXIV:1304.5372;%%},
}

@Article{Stephanov:1998dy,
  author        = {Stephanov, Misha A. and Rajagopal, K. and Shuryak, Edward V.},
  title         = {{Signatures of the tricritical point in QCD}},
  journal       = {Phys. Rev. Lett.},
  year          = {1998},
  volume        = {81},
  pages         = {4816-4819},
  archiveprefix = {arXiv},
  doi           = {10.1103/PhysRevLett.81.4816},
  eprint        = {hep-ph/9806219},
  primaryclass  = {hep-ph},
  reportnumber  = {ITP-SB-98-39, MIT-CTP-2748, SUNY-NTG-98-17},
  slaccitation  = {%%CITATION = HEP-PH/9806219;%%},
}

@Article{Stephanov:1999zu,
  author        = {Stephanov, Misha A. and Rajagopal, K. and Shuryak, Edward V.},
  title         = {{Event-by-event fluctuations in heavy ion collisions and the QCD critical point}},
  journal       = {Phys. Rev.},
  year          = {1999},
  volume        = {D60},
  pages         = {114028},
  archiveprefix = {arXiv},
  doi           = {10.1103/PhysRevD.60.114028},
  eprint        = {hep-ph/9903292},
  primaryclass  = {hep-ph},
  reportnumber  = {ITP-SB-99-4, MIT-CTP-2834, SUNY-NTG-99-3},
  slaccitation  = {%%CITATION = HEP-PH/9903292;%%},
}

@Article{Athanasiou:2010kw,
  author        = {Athanasiou, Christiana and Rajagopal, Krishna and Stephanov, Misha},
  title         = {{Using Higher Moments of Fluctuations and their Ratios in the Search for the QCD Critical Point}},
  journal       = {Phys. Rev.},
  year          = {2010},
  volume        = {D82},
  pages         = {074008},
  archiveprefix = {arXiv},
  doi           = {10.1103/PhysRevD.82.074008},
  eprint        = {1006.4636},
  primaryclass  = {hep-ph},
  slaccitation  = {%%CITATION = ARXIV:1006.4636;%%},
}

@Article{Luo:2015ewa,
  author        = {Luo, Xiaofeng},
  title         = {{Energy Dependence of Moments of Net-Proton and Net-Charge Multiplicity Distributions at STAR}},
  journal       = {PoS},
  year          = {2015},
  volume        = {CPOD2014},
  pages         = {019},
  archiveprefix = {arXiv},
  booktitle     = {{Proceedings, 9th International Workshop on Critical Point and Onset of Deconfinement (CPOD 2014): Bielefeld, Germany, November 17-21, 2014}},
  collaboration = {STAR},
  eprint        = {1503.02558},
  primaryclass  = {nucl-ex},
  slaccitation  = {%%CITATION = ARXIV:1503.02558;%%},
}

@Article{Cleymans:2005xv,
  author        = {Cleymans, J. and Oeschler, H. and Redlich, K. and Wheaton, S.},
  title         = {{Comparison of chemical freeze-out criteria in heavy-ion collisions}},
  journal       = {Phys. Rev.},
  year          = {2006},
  volume        = {C73},
  pages         = {034905},
  archiveprefix = {arXiv},
  doi           = {10.1103/PhysRevC.73.034905},
  eprint        = {hep-ph/0511094},
  primaryclass  = {hep-ph},
  reportnumber  = {CERN-PH-TH-2005-210},
  slaccitation  = {%%CITATION = HEP-PH/0511094;%%},
}

@Article{Jiang:2015hri,
  author        = {Jiang, Lijia and Li, Pengfei and Song, Huichao},
  title         = {{Correlated fluctuations near the QCD critical point}},
  journal       = {Phys. Rev.},
  year          = {2016},
  volume        = {C94},
  number        = {2},
  pages         = {024918},
  archiveprefix = {arXiv},
  doi           = {10.1103/PhysRevC.94.024918},
  eprint        = {1512.06164},
  primaryclass  = {nucl-th},
  slaccitation  = {%%CITATION = ARXIV:1512.06164;%%},
}

@Article{Jiang:2015cnt,
  author        = {Jiang, Lijia and Li, Pengfei and Song, Huichao},
  title         = {{Multiplicity fluctuations of net protons on the hydrodynamic freeze-out surface}},
  journal       = {Nucl. Phys.},
  year          = {2016},
  volume        = {A956},
  pages         = {360-364},
  archiveprefix = {arXiv},
  booktitle     = {{Proceedings, 25th International Conference on Ultra-Relativistic Nucleus-Nucleus Collisions (Quark Matter 2015): Kobe, Japan, September 27-October 3, 2015}},
  doi           = {10.1016/j.nuclphysa.2016.01.034},
  eprint        = {1512.07373},
  primaryclass  = {nucl-th},
  slaccitation  = {%%CITATION = ARXIV:1512.07373;%%},
}

@Article{Nahrgang:2011mg,
  author        = {Nahrgang, Marlene and Leupold, Stefan and Herold, Christoph and Bleicher, Marcus},
  title         = {{Nonequilibrium chiral fluid dynamics including dissipation and noise}},
  journal       = {Phys. Rev.},
  year          = {2011},
  volume        = {C84},
  pages         = {024912},
  archiveprefix = {arXiv},
  doi           = {10.1103/PhysRevC.84.024912},
  eprint        = {1105.0622},
  primaryclass  = {nucl-th},
  slaccitation  = {%%CITATION = ARXIV:1105.0622;%%},
}

@InProceedings{Jiang:2017fas,
  author        = {Jiang, Lijia and Wu, Shanjin and Song, Huichao},
  title         = {{Enhancements of high order cumulants across the 1st order phase transition boundary}},
  booktitle     = {{17th International Conference on Strangeness in Quark Matter (SQM 2017) Utrecht, the Netherlands, July 10-15, 2017}},
  year          = {2017},
  archiveprefix = {arXiv},
  eprint        = {1710.08020},
  primaryclass  = {nucl-th},
  slaccitation  = {%%CITATION = ARXIV:1710.08020;%%},
  url           = {https://inspirehep.net/record/1632047/files/arXiv:1710.08020.pdf},
}

@Article{Jiang:2017mji,
  author        = {Jiang, Lijia and Wu, Shanjin and Song, Huichao},
  title         = {{Dynamical fluctuations in critical regime and across the 1st order phase transition}},
  journal       = {Nucl. Phys.},
  year          = {2017},
  volume        = {A967},
  pages         = {441-444},
  archiveprefix = {arXiv},
  booktitle     = {{Proceedings, 26th International Conference on Ultra-relativistic Nucleus-Nucleus Collisions (Quark Matter 2017): Chicago, Illinois, USA, February 5-11, 2017}},
  doi           = {10.1016/j.nuclphysa.2017.06.047},
  eprint        = {1704.04765},
  primaryclass  = {nucl-th},
  slaccitation  = {%%CITATION = ARXIV:1704.04765;%%},
}

@Article{Mukherjee:2015swa,
  author        = {Mukherjee, Swagato and Venugopalan, Raju and Yin, Yi},
  title         = {{Real time evolution of non-Gaussian cumulants in the QCD critical regime}},
  journal       = {Phys. Rev.},
  year          = {2015},
  volume        = {C92},
  number        = {3},
  pages         = {034912},
  archiveprefix = {arXiv},
  doi           = {10.1103/PhysRevC.92.034912},
  eprint        = {1506.00645},
  primaryclass  = {hep-ph},
  slaccitation  = {%%CITATION = ARXIV:1506.00645;%%},
}

@Article{Mukherjee:2016kyu,
  author        = {Mukherjee, Swagato and Venugopalan, Raju and Yin, Yi},
  title         = {{Universal off-equilibrium scaling of critical cumulants in the QCD phase diagram}},
  journal       = {Phys. Rev. Lett.},
  year          = {2016},
  volume        = {117},
  number        = {22},
  pages         = {222301},
  archiveprefix = {arXiv},
  doi           = {10.1103/PhysRevLett.117.222301},
  eprint        = {1605.09341},
  primaryclass  = {hep-ph},
  slaccitation  = {%%CITATION = ARXIV:1605.09341;%%},
}

@Article{Stephanov:2017ghc,
  author        = {Stephanov, M. and Yin, Y.},
  title         = {{Hydro+: hydrodynamics with parametric slowing down and fluctuations near the critical point}},
  journal       = {arXiv:1712.10305 [nucl-th]},
  year          = {2017},
  archiveprefix = {arXiv},
  eprint        = {1712.10305},
  primaryclass  = {nucl-th},
  reportnumber  = {MIT-CTP-4969},
  slaccitation  = {%%CITATION = ARXIV:1712.10305;%%},
}

@Comment{jabref-meta: databaseType:bibtex;}
